<?xml version="1.0" encoding="UTF-8" ?>
<collection xmlns:xsi="http://www.w3.org/2001/XMLSchema-instance"
    xsi:schemaLocation="http://www.loc.gov/MARC21/slim
        http://www.loc.gov/standards/marcxml/schema/MARC21slim.xsd"
    xmlns="http://www.loc.gov/MARC21/slim">
<record>
  <leader>00287cam a2200565 ia4500</leader>
  <controlfield tag="001">b1237233x</controlfield>
  <controlfield tag="003">LeBAU</controlfield>
  <controlfield tag="005">20180316</controlfield>
  <controlfield tag="008">970302s1931    ua a          ||0 0 ara d</controlfield>
  <datafield tag="035" ind1=" " ind2=" ">
    <subfield code="a">ocn784285072</subfield>
  </datafield>
  <datafield tag="040" ind1=" " ind2=" ">
    <subfield code="a">LEAUB</subfield>
    <subfield code="b">ara</subfield>
    <subfield code="e">rda</subfield>
    <subfield code="c">LEAUB</subfield>
    <subfield code="d">LEAUB</subfield>
  </datafield>
  <datafield tag="082" ind1="0" ind2="4">
    <subfield code="a">297.207</subfield>
    <subfield code="2">20</subfield>
  </datafield>
  <datafield tag="100" ind1="1" ind2=" ">
    <subfield code="6">880-01</subfield>
    <subfield code="a">Jawharī, Ṭanṭāwī,</subfield>
    <subfield code="d">1862-1940,</subfield>
    <subfield code="e">author.</subfield>
  </datafield>
  <datafield tag="245" ind1="1" ind2="0">
    <subfield code="6">880-02</subfield>
    <subfield code="a">al-Jawāhir fī tafsīr al-Qurʼān al-Karīm :</subfield>
    <subfield code="b">al-mushtamil ʻalá ʻajāʼib badāʼiʻ al-mukawwanāt wa-gharāʼib al-āyāt al-bāhirāt /</subfield>
    <subfield code="c">ta’līf al-ustādh al-ḥakīm al-Shaykh Ṭanṭāwī Jawharī, al-mudarris bi-al-Jāmiʻah al-Miṣrīyah wa-madrasat Dār al-ʻUlūm sābiqan.</subfield>
  </datafield>
  <datafield tag="250" ind1=" " ind2=" ">
    <subfield code="6">880-03</subfield>
    <subfield code="a">al-Ṭabʻah al-thānīyah.</subfield>
  </datafield>
  <datafield tag="264" ind1=" " ind2="1">
    <subfield code="6">880-04</subfield>
    <subfield code="a">Miṣr :</subfield>
    <subfield code="b">Muṣṭafá al-Bābī al-Ḥalabī wa-Awlāduh,</subfield>
    <subfield code="c">1350 H., [1931? M.]</subfield>
  </datafield>
  <datafield tag="300" ind1=" " ind2=" ">
    <subfield code="6">880-05</subfield>
    <subfield code="a">13 volumes :</subfield>
    <subfield code="b">illustrations ;</subfield>
    <subfield code="c">28 cm</subfield>
  </datafield>
  <datafield tag="336" ind1=" " ind2=" ">
    <subfield code="a">text</subfield>
    <subfield code="b">txt</subfield>
    <subfield code="2">rdacontent</subfield>
  </datafield>
  <datafield tag="336" ind1=" " ind2=" ">
    <subfield code="a">still image</subfield>
    <subfield code="b">sti</subfield>
    <subfield code="2">rdacontent</subfield>
  </datafield>
  <datafield tag="337" ind1=" " ind2=" ">
    <subfield code="a">unmediated</subfield>
    <subfield code="b">n</subfield>
    <subfield code="2">rdamedia</subfield>
  </datafield>
  <datafield tag="338" ind1=" " ind2=" ">
    <subfield code="a">volume</subfield>
    <subfield code="b">nc</subfield>
    <subfield code="2">rdacarrier</subfield>
  </datafield>
  <datafield tag="500" ind1=" " ind2=" ">
    <subfield code="a">25 جزء ببليوغرافي في 13 جزء مادي، بالإضافة الى الجزء الأول من ملحق الجواهر في تفسير القرآن الكريم مجلدا مع الجزء 25.</subfield>
  </datafield>
  <datafield tag="630" ind1="0" ind2="4">
    <subfield code="a">قرآن</subfield>
    <subfield code="x">تفسير وتأويل</subfield>
    <subfield code="v">اعمال قديمة حتى 1800.</subfield>
  </datafield>
  <datafield tag="630" ind1="0" ind2="0">
    <subfield code="a">Qur'an</subfield>
    <subfield code="x">Hermeneutics</subfield>
    <subfield code="v">Early works to 1800.</subfield>
  </datafield>
  <datafield tag="700" ind1="1" ind2="2">
    <subfield code="6">880-06</subfield>
    <subfield code="a">Jawharī, Ṭanṭāwī,</subfield>
    <subfield code="d">1862-1940.</subfield>
    <subfield code="t">Mulḥaq al-jawahir fī tafsīr al-Qurʼān al-karīm.</subfield>
  </datafield>
  <datafield tag="775" ind1="0" ind2=" ">
    <subfield code="6">880-07</subfield>
    <subfield code="i">has designation of edition</subfield>
    <subfield code="4">http://rdaregistry.info/Elements/m/P30133:</subfield>
    <subfield code="t">al-Jawāhir fī tafsīr al-Qurʼān al-Karīm : al-mushtamil ʻalá ʻajāʼib badāʼiʻ al-mukawwanāt wa-gharāʼib al-āyāt al-bāhirāt.</subfield>
    <subfield code="d">Miṣr : Maṭbaʻat Muṣṭafá al-Bābī al-Ḥalabī wa-Awlāduh, 1341-1351 H., [1922-1933? M.]</subfield>
    <subfield code="w">(OCoLC)784285071</subfield>
    <subfield code="w">(OCoLC)784285071</subfield>
  </datafield>
  <datafield tag="852" ind1=" " ind2=" ">
    <subfield code="a">Jafet Library</subfield>
    <subfield code="e">American University of Beirut, Bliss Street , Beirut, Lebanon.</subfield>
  </datafield>
  <datafield tag="880" ind1="1" ind2=" ">
    <subfield code="6">100-01/(3/r</subfield>
    <subfield code="a">جوهري، طنطاوي،</subfield>
    <subfield code="d">1862-1940،</subfield>
    <subfield code="e">مؤلف. </subfield>
    <subfield code="4">aut.</subfield>
  </datafield>
  <datafield tag="880" ind1="1" ind2="3">
    <subfield code="6">245-02/(3/r</subfield>
    <subfield code="a">الجواهر في تفسير القرآن الكريم :</subfield>
    <subfield code="b">المشتمل على عجائب بدائع المكونات وغرائب الآيات الباهرات /</subfield>
    <subfield code="c">تأليف الأستاذ الحكيم الشيخ طنطاوي جوهري، المدرس بالجامعة المصرية ومدرسة دار العلوم سابقاً.</subfield>
  </datafield>
  <datafield tag="880" ind1=" " ind2=" ">
    <subfield code="6">250-03/(3/r</subfield>
    <subfield code="a">الطبعة الثانية.</subfield>
  </datafield>
  <datafield tag="880" ind1=" " ind2="1">
    <subfield code="6">264-04/(3/r</subfield>
    <subfield code="a">مصر :</subfield>
    <subfield code="b">مصطفى البابي الحلبي وأولاده،</subfield>
    <subfield code="c">1350 هـ.، [1931؟ م.]</subfield>
  </datafield>
  <datafield tag="880" ind1=" " ind2=" ">
    <subfield code="6">300-05/(3/r</subfield>
    <subfield code="a">13 جزء :</subfield>
    <subfield code="b">مصورات ؛</subfield>
    <subfield code="c">28 سم</subfield>
  </datafield>
  <datafield tag="880" ind1="1" ind2="2">
    <subfield code="6">700-06/(3/r</subfield>
    <subfield code="a">جوهري، طنطاوي،</subfield>
    <subfield code="d">1862-1940.</subfield>
    <subfield code="t">ملحق الجواهر في تفسير القرآن الكريم.</subfield>
  </datafield>
  <datafield tag="880" ind1="0" ind2=" ">
    <subfield code="6">775-07/(3/r</subfield>
    <subfield code="i">دلالة على الطبعة</subfield>
    <subfield code="4">http://rdaregistry.info/Elements/m/P30133:</subfield>
    <subfield code="t">الجواهر في تفسير القرآن الكريم : المشتمل على عجائب بدائع المكونات وغرائب الآيات الباهرات.</subfield>
    <subfield code="d">مصر : مطبعة مصطفى البابي الحلبي وأولاده، 1341-1352 هـ.، [1922-1933؟ م.]</subfield>
    <subfield code="w">b12372328</subfield>
    <subfield code="w">(OCoLC)784285071</subfield>
  </datafield>
  <datafield tag="907" ind1=" " ind2=" ">
    <subfield code="a">.b1237233x</subfield>
    <subfield code="b">18-03-16</subfield>
    <subfield code="c">11-05-24</subfield>
  </datafield>
  <datafield tag="907" ind1=" " ind2=" ">
    <subfield code="a">.b1237233x</subfield>
    <subfield code="b">15-10-15</subfield>
    <subfield code="c">11-05-24</subfield>
  </datafield>
  <datafield tag="945" ind1=" " ind2=" ">
    <subfield code="f">J</subfield>
    <subfield code="a">297.207:J41j2A:v.1-2:c.1</subfield>
    <subfield code="g">1</subfield>
    <subfield code="i">01009393</subfield>
    <subfield code="j">.i12824884</subfield>
    <subfield code="l">u0503</subfield>
  </datafield>
  <datafield tag="945" ind1=" " ind2=" ">
    <subfield code="f">J</subfield>
    <subfield code="a">297.207:J41j2A:v.3-4:c.1</subfield>
    <subfield code="g">1</subfield>
    <subfield code="i">01009394</subfield>
    <subfield code="j">.i12824896</subfield>
    <subfield code="l">u0503</subfield>
  </datafield>
  <datafield tag="945" ind1=" " ind2=" ">
    <subfield code="f">J</subfield>
    <subfield code="a">297.207:J41j2A:v.5-6:c.1</subfield>
    <subfield code="g">1</subfield>
    <subfield code="i">01009395</subfield>
    <subfield code="j">.i12824902</subfield>
    <subfield code="l">u0503</subfield>
  </datafield>
  <datafield tag="945" ind1=" " ind2=" ">
    <subfield code="f">J</subfield>
    <subfield code="a">297.207:J41j2A:v.7-8:c.1</subfield>
    <subfield code="g">1</subfield>
    <subfield code="i">01009396</subfield>
    <subfield code="j">.i12824914</subfield>
    <subfield code="l">u0503</subfield>
  </datafield>
  <datafield tag="945" ind1=" " ind2=" ">
    <subfield code="f">J</subfield>
    <subfield code="a">297.207:J41j2A:v.9-10:c.1</subfield>
    <subfield code="g">1</subfield>
    <subfield code="i">01009397</subfield>
    <subfield code="j">.i12824926</subfield>
    <subfield code="l">u0503</subfield>
  </datafield>
  <datafield tag="945" ind1=" " ind2=" ">
    <subfield code="f">J</subfield>
    <subfield code="a">297.207:J41j2A:v.11-12:c.1</subfield>
    <subfield code="g">1</subfield>
    <subfield code="i">01009398</subfield>
    <subfield code="j">.i12824938</subfield>
    <subfield code="l">u0503</subfield>
  </datafield>
  <datafield tag="945" ind1=" " ind2=" ">
    <subfield code="f">J</subfield>
    <subfield code="a">297.207:J41j2A:v.13-14:c.1</subfield>
    <subfield code="g">1</subfield>
    <subfield code="i">01009399</subfield>
    <subfield code="j">.i1282494x</subfield>
    <subfield code="l">u0503</subfield>
  </datafield>
  <datafield tag="945" ind1=" " ind2=" ">
    <subfield code="f">J</subfield>
    <subfield code="a">297.207:J41j2A:v.15-16:c.1</subfield>
    <subfield code="g">1</subfield>
    <subfield code="i">01009400</subfield>
    <subfield code="j">.i12824951</subfield>
    <subfield code="l">u0503</subfield>
  </datafield>
  <datafield tag="945" ind1=" " ind2=" ">
    <subfield code="f">J</subfield>
    <subfield code="a">297.207:J41j2A:v.17-18:c.1</subfield>
    <subfield code="g">1</subfield>
    <subfield code="i">01009401</subfield>
    <subfield code="j">.i12824963</subfield>
    <subfield code="l">u0503</subfield>
  </datafield>
  <datafield tag="945" ind1=" " ind2=" ">
    <subfield code="f">J</subfield>
    <subfield code="a">297.207:J41j2A:v.19-20:c.1</subfield>
    <subfield code="g">1</subfield>
    <subfield code="i">01009402</subfield>
    <subfield code="j">.i12824975</subfield>
    <subfield code="l">u0503</subfield>
  </datafield>
  <datafield tag="945" ind1=" " ind2=" ">
    <subfield code="f">J</subfield>
    <subfield code="a">297.207:J41j2A:v.21-22:c.1</subfield>
    <subfield code="g">1</subfield>
    <subfield code="i">01009403</subfield>
    <subfield code="j">.i12824987</subfield>
    <subfield code="l">u0503</subfield>
  </datafield>
  <datafield tag="945" ind1=" " ind2=" ">
    <subfield code="f">J</subfield>
    <subfield code="a">297.207:J41j2A:v.23-24:c.1</subfield>
    <subfield code="g">1</subfield>
    <subfield code="i">01009404</subfield>
    <subfield code="j">.i12824999</subfield>
    <subfield code="l">u0503</subfield>
  </datafield>
  <datafield tag="945" ind1=" " ind2=" ">
    <subfield code="f">J</subfield>
    <subfield code="a">297.207:J41j2A:v.25:c.1</subfield>
    <subfield code="g">1</subfield>
    <subfield code="i">01009405</subfield>
    <subfield code="j">.i12825001</subfield>
    <subfield code="l">u0503</subfield>
  </datafield>
  <datafield tag="998" ind1=" " ind2=" ">
    <subfield code="a">u05</subfield>
    <subfield code="b">97-03-02</subfield>
    <subfield code="c">m</subfield>
    <subfield code="d">a</subfield>
    <subfield code="e">-</subfield>
    <subfield code="f">ara</subfield>
    <subfield code="g">ua </subfield>
    <subfield code="h">0</subfield>
    <subfield code="i">13</subfield>
  </datafield>
</record>
</collection>
